@TECHREPORT{Chambers96whole-programoptimization,
      author = {Craig Chambers and Jeffrey Dean and David Grove},
          title = {Whole-program optimization of object-oriented languages},
	      institution = {},
	          year = {1996}
}
@inproceedings{258960,
   author = {Blume, Matthias and Appel, Andrew W.},
    title = {Lambda-splitting: a higher-order approach to cross-module optimizations},
     booktitle = {Proceedings of the second ACM SIGPLAN international conference on Functional programming},
      series = {ICFP '97},
       year = {1997},
        isbn = {0-89791-918-1},
	 location = {Amsterdam, The Netherlands},
	  pages = {112--124},
	   numpages = {13},
	    url = {http://doi.acm.org/10.1145/258948.258960},
	     doi = {10.1145/258948.258960},
	      acmid = {258960},
	       publisher = {ACM},
	        address = {New York, NY, USA},
} 
@article{sutter,
   author = {De Sutter, Bjorn and De Bus, Bruno and De Bosschere, Koen},
    title = {Link-time binary rewriting techniques for program compaction},
     journal = {ACM Trans. Program. Lang. Syst.},
      issue_date = {September 2005},
       volume = {27},
        number = {5},
	 month = sep,
	  year = {2005},
	   issn = {0164-0925},
	    pages = {882--945},
	     numpages = {64},
	      url = {http://doi.acm.org/10.1145/1086642.1086645},
	       doi = {10.1145/1086642.1086645},
	        acmid = {1086645},
		 publisher = {ACM},
		  address = {New York, NY, USA},
		   keywords = {Program representation, binary rewriting, code abstraction, compaction, interprocedural analysis, linker, whole-program optimization},
} 

@inproceedings{727617,
   author = {Debray, Saumya K. and Muth, Robert and Watterson, Scott A.},
    title = {Link-Time Improvement of Scheme Programs},
     booktitle = {Proceedings of the 8th International Conference on Compiler Construction, Held as Part of the European Joint Conferences on the Theory and Practice of Software, ETAPS'99},
      series = {CC '99},
       year = {1999},
        isbn = {3-540-65717-7},
	 pages = {76--90},
	  numpages = {15},
	   url = {http://dl.acm.org/citation.cfm?id=647475.727617},
	    acmid = {727617},
	     publisher = {Springer-Verlag},
	      address = {London, UK, UK},
} 
@inproceedings{Flatt,
   author = {Flatt, Matthew},
    title = {Composable and compilable macros: you want it when?},
     booktitle = {Proceedings of the seventh ACM SIGPLAN international conference on Functional programming},
      series = {ICFP '02},
       year = {2002},
        isbn = {1-58113-487-8},
	 location = {Pittsburgh, PA, USA},
	  pages = {72--83},
	   numpages = {12},
	    url = {http://doi.acm.org/10.1145/581478.581486},
	     doi = {10.1145/581478.581486},
	      acmid = {581486},
	       publisher = {ACM},
	        address = {New York, NY, USA},
		 keywords = {language tower, macros, modules},
} 
@book{LISP,
 author = {Steele,Jr., Guy L.},
 title = {Common LISP: The Language (2nd Ed.)},
 year = {1990},
 isbn = {1-55558-041-6},
 publisher = {Digital Press},
 address = {Newton, MA, USA},
} 

@article{scheme,
author = {Sperber,Michael and Dybvig,R. Kent and Flatt,Matthew and Van Straaten,Anton and Findler,Robby and Matthews,Jacob},
title = {Revised$^6$ Report on the Algorithmic Language Scheme},
journal = {Journal of Functional Programming},
volume = {19},
issue = {Supplement S1},
year = {2009},
issn = {1469-7653},
pages = {1--301},
numpages = {301},
doi = {10.1017/S0956796809990074},
URL = {http://journals.cambridge.org/article_S0956796809990074},
}
@inproceedings{lal,
 author = {Tobin-Hochstadt, Sam and St-Amour, Vincent and Culpepper, Ryan and Flatt, Matthew and Felleisen, Matthias},
 title = {Languages As Libraries},
 booktitle = {Proceedings of the 32nd ACM SIGPLAN Conference on Programming Language Design and Implementation},
 series = {PLDI '11},
 year = {2011},
 isbn = {978-1-4503-0663-8},
 location = {San Jose, California, USA},
 pages = {132--141},
 numpages = {10},
 url = {http://doi.acm.org/10.1145/1993498.1993514},
 doi = {10.1145/1993498.1993514},
 acmid = {1993514},
 publisher = {ACM},
 address = {New York, NY, USA},
 keywords = {extensible languages, macros, modules, typed racket},
} 


@inproceedings{hygiene,
 author = {Kohlbecker, Eugene and Friedman, Daniel P. and Felleisen, Matthias and Duba, Bruce},
 title = {Hygienic Macro Expansion},
 booktitle = {Proceedings of the 1986 ACM Conference on LISP and Functional Programming},
 series = {LFP '86},
 year = {1986},
 isbn = {0-89791-200-4},
 location = {Cambridge, Massachusetts, USA},
 pages = {151--161},
 numpages = {11},
 url = {http://doi.acm.org/10.1145/319838.319859},
 doi = {10.1145/319838.319859},
 acmid = {319859},
 publisher = {ACM},
 address = {New York, NY, USA},
} 

@inproceedings{typed,
 author = {Tobin-Hochstadt, Sam and Felleisen, Matthias},
 title = {The Design and Implementation of Typed Scheme},
 booktitle = {Proceedings of the 35th Annual ACM SIGPLAN-SIGACT Symposium on Principles of Programming Languages},
 series = {POPL '08},
 year = {2008},
 isbn = {978-1-59593-689-9},
 location = {San Francisco, California, USA},
 pages = {395--406},
 numpages = {12},
 url = {http://doi.acm.org/10.1145/1328438.1328486},
 doi = {10.1145/1328438.1328486},
 acmid = {1328486},
 publisher = {ACM},
 address = {New York, NY, USA},
 keywords = {scheme, type systems},
} 

@inproceedings{oo,
 author = {Findler, Robert Bruce and Flatt, Matthew},
 title = {Modular Object-oriented Programming with Units and Mixins},
 booktitle = {Proceedings of the Third ACM SIGPLAN International Conference on Functional Programming},
 series = {ICFP '98},
 year = {1998},
 isbn = {1-58113-024-4},
 location = {Baltimore, Maryland, USA},
 pages = {94--104},
 numpages = {11},
 url = {http://doi.acm.org/10.1145/289423.289432},
 doi = {10.1145/289423.289432},
 acmid = {289432},
 publisher = {ACM},
 address = {New York, NY, USA},
} 

@misc{logic,
   author = "Jay McCarthy",
   title = "Datalog: Deductive Database Programming",
   year = "2015",
   howpublished = "\url{http://docs.racket-lang.org/datalog}",
   note = "[Online; accessed 4-December-2015]"
 }

@misc{sep,
  title = "Separate Compiliation Guarantee",
  year = "2015",
  howpublished = "\url{http://docs.racket-lang.org/reference/eval-model.html#%28part._separate-compilation%29}",
  note = "[Online; accessed 4-December-2015]"
}

@misc{nasa,
  title = "XML Data Repository",
  year = "2015",
  howpublished = "\url{http://www.cs.washington.edu/research/xmldatasets/www/repository.html#nasa}",
  note = "[Online; accessed 16-December-2015]"
}

@article{bytecode,
year={2013},
issn={1388-3690},
journal={Higher-Order and Symbolic Computation},
doi={10.1007/s10990-013-9091-1},
title={The Racket virtual machine and randomized testing},
url={http://dx.doi.org/10.1007/s10990-013-9091-1},
publisher={Springer US},
keywords={Formal models; Randomized testing; Bytecode verification},
author={Klein, Casey and Flatt, Matthew and Findler, RobertBruce},
pages={1-45},
language={English}
}

@phdthesis{cfa,
 author = {Shivers, Olin Grigsby},
 title = {Control-flow Analysis of Higher-order Languages or Taming Lambda},
 year = {1991},
 note = {UMI Order No. GAX91-26964},
 publisher = {Carnegie Mellon University},
 address = {Pittsburgh, PA, USA},
} 

@TECHREPORT{stalin,
    author = {Jeffrey Mark Siskind},
    title = {Flow-Directed Lightweight Closure Conversion},
    institution = {},
    year = {1999}
}

@misc{mlton,
   title = "MLton",
   year = "2016",
   howpublished = "\url{http://www.mlton.org}",
   note = "[Online; accessed 18-January-2016]"
}

@misc{gcc,
  title = "Link-Time Optimization in GCC: Requirements and High-Level Design",
  year = "2005",
  howpublished = "\url{https://gcc.gnu.org/projects/lto/lto.pdf}",
  note = "[Online; accessed 18-January-2016]"
}

@misc{llvm,
  title = "LLVM Link Time Optimization: Design and Implementation",
  year = "2016",
  howpublished = "\url{http://llvm.org/docs/LinkTimeOptimization.html}",
  note = "[Online; accessed 18-January-2016]"
}



